%% This BibTeX bibliography file was created using BibDesk.
%% http://bibdesk.sourceforge.net/


%% Created for echiang at 2013-09-23 08:40:22 -0700 


%% Saved with string encoding Unicode (UTF-8) 

@ARTICLE{augereau99,
   author = {{Augereau}, J.~C. and {Lagrange}, A.~M. and {Mouillet}, D. and 
    {Papaloizou}, J.~C.~B. and {Grorod}, P.~A.},
    title = "{On the HR 4796 A circumstellar disk}",
  journal = {\aap},
   eprint = {arXiv:astro-ph/9906429},
 keywords = {STARS: CIRCUMSTELLAR MATTER, STARS: INDIVIDUAL: HR 4796 A},
     year = 1999,
    month = aug,
   volume = 348,
    pages = {557-569},
   adsurl = {http://adsabs.harvard.edu/abs/1999A%26A...348..557A},
  adsnote = {Provided by the SAO/NASA Astrophysics Data System}
}

@article{beck12,
	Adsnote = {Provided by the SAO/NASA Astrophysics Data System},
	Adsurl = {http://adsabs.harvard.edu/abs/2012ApJ...754...72B},
	Archiveprefix = {arXiv},
	Author = {{Beck}, T.~L. and {Bary}, J.~S. and {Dutrey}, A. and {Pi{\'e}tu}, V. and {Guilloteau}, S. and {Lubow}, S.~H. and {Simon}, M.},
	Date-Added = {2013-09-23 15:40:07 +0000},
	Date-Modified = {2013-09-23 15:40:14 +0000},
	Doi = {10.1088/0004-637X/754/1/72},
	Eid = {72},
	Eprint = {1205.1526},
	Journal = {\apj},
	Keywords = {accretion, accretion disks, protoplanetary disks, stars: formation, stars: individual: GG Tau A, stars: pre-main sequence, stars: winds, outflows},
	Month = jul,
	Pages = {72},
	Primaryclass = {astro-ph.SR},
	Title = {{Circumbinary Gas Accretion onto a Central Binary: Infrared Molecular Hydrogen Emission from GG Tau A}},
	Volume = 754,
	Year = 2012,
	Bdsk-Url-1 = {http://dx.doi.org/10.1088/0004-637X/754/1/72}}

@article{Fung13,
	Author = {{Fung}, J. and {Shi}, J.-M. and {Chiang}, E.},
	Date-Added = {2013-09-20 23:02:49 +0000},
	Date-Modified = {2013-09-20 23:03:34 +0000},
	Journal = {\apj, submitted},
	Title = {{How Empty are Disk Gaps Opened by Giant Planets?}},
	Year = {2013}}

@article{dawson11,
	Adsnote = {Provided by the SAO/NASA Astrophysics Data System},
	Adsurl = {http://adsabs.harvard.edu/abs/2011ApJ...743L..17D},
	Archiveprefix = {arXiv},
	Author = {{Dawson}, R.~I. and {Murray-Clay}, R.~A. and {Fabrycky}, D.~C.},
	Date-Added = {2013-09-09 17:57:27 +0000},
	Date-Modified = {2013-09-09 17:57:32 +0000},
	Doi = {10.1088/2041-8205/743/1/L17},
	Eid = {L17},
	Eprint = {1111.0297},
	Journal = {\apjl},
	Keywords = {planet-disk interactions, planets and satellites: individual: beta Pictoris b, stars: individual: beta Pictoris},
	Month = dec,
	Pages = {L17},
	Primaryclass = {astro-ph.EP},
	Title = {{On the Misalignment of the Directly Imaged Planet {$\beta$} Pictoris b with the System's Warped Inner Disk}},
	Volume = 743,
	Year = 2011,
	Bdsk-Url-1 = {http://dx.doi.org/10.1088/2041-8205/743/1/L17}}

@article{pac77,
	Adsnote = {Provided by the SAO/NASA Astrophysics Data System},
	Adsurl = {http://adsabs.harvard.edu/abs/1977ApJ...216..822P},
	Author = {{Paczynski}, B.},
	Date-Added = {2013-09-06 17:25:43 +0000},
	Date-Modified = {2013-09-06 17:25:49 +0000},
	Doi = {10.1086/155526},
	Journal = {\apj},
	Keywords = {BINARY STARS, STELLAR MASS ACCRETION, STELLAR MODELS, ASTRONOMICAL MODELS, DISKS (SHAPES), HYDRODYNAMICS, RADIAL VELOCITY, THREE BODY PROBLEM},
	Month = sep,
	Pages = {822-826},
	Title = {{A model of accretion disks in close binaries}},
	Volume = 216,
	Year = 1977,
	Bdsk-Url-1 = {http://dx.doi.org/10.1086/155526}}

@article{lubow06,
	Adsnote = {Provided by the SAO/NASA Astrophysics Data System},
	Adsurl = {http://adsabs.harvard.edu/abs/2006ApJ...641..526L},
	Author = {{Lubow}, S.~H. and {D'Angelo}, G.},
	Date-Added = {2013-09-06 17:22:34 +0000},
	Date-Modified = {2013-09-06 17:22:43 +0000},
	Doi = {10.1086/500356},
	Eprint = {arXiv:astro-ph/0512292},
	Journal = {\apj},
	Keywords = {Accretion, Accretion Disks, Hydrodynamics, Stars: Planetary Systems: Protoplanetary Disks, Planets and Satellites: General},
	Month = apr,
	Pages = {526-533},
	Title = {{Gas Flow across Gaps in Protoplanetary Disks}},
	Volume = 641,
	Year = 2006,
	Bdsk-Url-1 = {http://dx.doi.org/10.1086/500356}}

@article{Andrews11,
	Adsnote = {Provided by the SAO/NASA Astrophysics Data System},
	Adsurl = {http://adsabs.harvard.edu/abs/2011ApJ...742L...5A},
	Archiveprefix = {arXiv},
	Author = {{Andrews}, S.~M. and {Rosenfeld}, K.~A. and {Wilner}, D.~J. and {Bremer}, M.},
	Doi = {10.1088/2041-8205/742/1/L5},
	Eid = {L5},
	Eprint = {1110.3865},
	Journal = {\apjl},
	Keywords = {circumstellar matter, planet-disk interactions, protoplanetary disks, stars: individual: LkCa 15, submillimeter: planetary systems},
	Month = nov,
	Pages = {L5},
	Primaryclass = {astro-ph.EP},
	Title = {{A Closer Look at the LkCa 15 Protoplanetary Disk}},
	Volume = 742,
	Year = 2011,
	Bdsk-Url-1 = {http://dx.doi.org/10.1088/2041-8205/742/1/L5}}

@article{bast11,
	Adsnote = {Provided by the SAO/NASA Astrophysics Data System},
	Adsurl = {http://adsabs.harvard.edu/abs/2011A%26A...527A.119B},
	Archiveprefix = {arXiv},
	Author = {{Bast}, J.~E. and {Brown}, J.~M. and {Herczeg}, G.~J. and {van Dishoeck}, E.~F. and {Pontoppidan}, K.~M.},
	Doi = {10.1051/0004-6361/201015225},
	Eid = {A119},
	Eprint = {1101.1091},
	Journal = {\aap},
	Keywords = {protoplanetary disks, line: profiles, stars: low-mass, planets and satellites: formation, accretion, accretion disks},
	Month = mar,
	Pages = {A119},
	Primaryclass = {astro-ph.SR},
	Title = {{Single peaked CO emission line profiles from the inner regions of protoplanetary disks}},
	Volume = 527,
	Year = 2011,
	Bdsk-Url-1 = {http://dx.doi.org/10.1051/0004-6361/201015225}}

@article{beckwith93,
	Adsnote = {Provided by the SAO/NASA Astrophysics Data System},
	Adsurl = {http://adsabs.harvard.edu/abs/1993ApJ...402..280B},
	Author = {{Beckwith}, S.~V.~W. and {Sargent}, A.~I.},
	Doi = {10.1086/172131},
	Journal = {\apj},
	Keywords = {EMISSION SPECTRA, MOLECULAR SPECTRA, PRE-MAIN SEQUENCE STARS, STELLAR ENVELOPES, CARBON MONOXIDE, EARLY STARS, LINE SPECTRA, STAR FORMATION},
	Month = jan,
	Pages = {280-291},
	Title = {{Molecular line emission from circumstellar disks}},
	Volume = 402,
	Year = 1993,
	Bdsk-Url-1 = {http://dx.doi.org/10.1086/172131}}

@article{biller12,
	Adsnote = {Provided by the SAO/NASA Astrophysics Data System},
	Adsurl = {http://adsabs.harvard.edu/abs/2012ApJ...753L..38B},
	Archiveprefix = {arXiv},
	Author = {{Biller}, B. and {Lacour}, S. and {Juh{\'a}sz}, A. and {Benisty}, M. and {Chauvin}, G. and {Olofsson}, J. and {Pott}, J.-U. and {M{\"u}ller}, A. and {Sicilia-Aguilar}, A. and {Bonnefoy}, M. and {Tuthill}, P. and {Thebault}, P. and {Henning}, T. and {Crida}, A.},
	Doi = {10.1088/2041-8205/753/2/L38},
	Eid = {L38},
	Eprint = {1206.2654},
	Journal = {\apjl},
	Keywords = {brown dwarfs, circumstellar matter, planetary systems, stars: emission-line, Be, stars: low-mass},
	Month = jul,
	Pages = {L38},
	Primaryclass = {astro-ph.SR},
	Title = {{A Likely Close-in Low-mass Stellar Companion to the Transitional Disk Star HD 142527}},
	Volume = 753,
	Year = 2012,
	Bdsk-Url-1 = {http://dx.doi.org/10.1088/2041-8205/753/2/L38}}

@article{brinch07,
	Adsnote = {Provided by the SAO/NASA Astrophysics Data System},
	Adsurl = {http://adsabs.harvard.edu/abs/2007A%26A...475..915B},
	Archiveprefix = {arXiv},
	Author = {{Brinch}, C. and {Crapsi}, A. and {J{\o}rgensen}, J.~K. and {Hogerheijde}, M.~R. and {Hill}, T.},
	Doi = {10.1051/0004-6361:20078249},
	Eprint = {0709.3175},
	Journal = {\aap},
	Keywords = {stars: formation, circumstellar matter, ISM: individual objects:, L1489 IRS, submillimeter},
	Month = dec,
	Pages = {915-923},
	Title = {{A deeply embedded young protoplanetary disk around L1489 IRS observed by the Submillimeter Array}},
	Volume = 475,
	Year = 2007,
	Bdsk-Url-1 = {http://dx.doi.org/10.1051/0004-6361:20078249}}

@article{brinch08,
	Adsnote = {Provided by the SAO/NASA Astrophysics Data System},
	Adsurl = {http://adsabs.harvard.edu/abs/2008A%26A...489..607B},
	Archiveprefix = {arXiv},
	Author = {{Brinch}, C. and {Hogerheijde}, M.~R. and {Richling}, S.},
	Doi = {10.1051/0004-6361:200810034},
	Eprint = {0807.1049},
	Journal = {\aap},
	Keywords = {radiative transfer, hydrodynamics, stars: formation, ISM: molecules, line: profiles},
	Month = oct,
	Pages = {607-616},
	Title = {{Characterizing the velocity field in hydrodynamical simulations of low-mass star formation using spectral line profiles}},
	Volume = 489,
	Year = 2008,
	Bdsk-Url-1 = {http://dx.doi.org/10.1051/0004-6361:200810034}}

@article{brinch10,
	Adsnote = {Provided by the SAO/NASA Astrophysics Data System},
	Adsurl = {http://adsabs.harvard.edu/abs/2010A%26A...523A..25B},
	Archiveprefix = {arXiv},
	Author = {{Brinch}, C. and {Hogerheijde}, M.~R.},
	Doi = {10.1051/0004-6361/201015333},
	Eid = {A25},
	Eprint = {1008.1492},
	Journal = {\aap},
	Keywords = {radiative transfer, line: formation, methods: numerical},
	Month = nov,
	Pages = {A25},
	Primaryclass = {astro-ph.SR},
	Title = {{LIME - a flexible, non-LTE line excitation and radiation transfer method for millimeter and far-infrared wavelengths}},
	Volume = 523,
	Year = 2010,
	Bdsk-Url-1 = {http://dx.doi.org/10.1051/0004-6361/201015333}}

@article{bruderer13,
	Adsnote = {Provided by the SAO/NASA Astrophysics Data System},
	Adsurl = {http://adsabs.harvard.edu/abs/2013arXiv1308.2966B},
	Archiveprefix = {arXiv},
	Author = {{Bruderer}, S.},
	Eprint = {1308.2966},
	Journal = {ArXiv e-prints},
	Keywords = {Astrophysics - Solar and Stellar Astrophysics},
	Month = aug,
	Primaryclass = {astro-ph.SR},
	Title = {{Survival of molecular gas in cavities of transition disks (I. CO)}},
	Year = 2013}

@article{Binney91,
	Adsnote = {Provided by the SAO/NASA Astrophysics Data System},
	Adsurl = {http://adsabs.harvard.edu/abs/1991MNRAS.252..210B},
	Author = {{Binney}, J. and {Gerhard}, O.~E. and {Stark}, A.~A. and {Bally}, J. and {Uchida}, K.~I.},
	Journal = {\mnras},
	Keywords = {CARBON MONOXIDE, GALACTIC NUCLEI, GALACTIC STRUCTURE, GAS DYNAMICS, HYDROGEN, MILKY WAY GALAXY, EMISSION SPECTRA, GALACTIC ROTATION, INFRARED PHOTOMETRY, MASS TO LIGHT RATIOS, MOLECULAR CLOUDS},
	Month = sep,
	Pages = {210-218},
	Title = {{Understanding the kinematics of Galactic centre gas}},
	Volume = 252,
	Year = 1991}

@article{Brown09,
	Adsnote = {Provided by the SAO/NASA Astrophysics Data System},
	Adsurl = {http://adsabs.harvard.edu/abs/2009ApJ...704..496B},
	Archiveprefix = {arXiv},
	Author = {{Brown}, J.~M. and {Blake}, G.~A. and {Qi}, C. and {Dullemond}, C.~P. and {Wilner}, D.~J. and {Williams}, J.~P.},
	Doi = {10.1088/0004-637X/704/1/496},
	Eprint = {0909.5595},
	Journal = {\apj},
	Keywords = {planetary systems: protoplanetary disks, stars: pre-main sequence},
	Month = oct,
	Pages = {496-502},
	Primaryclass = {astro-ph.SR},
	Title = {{Evidence for Dust Clearing Through Resolved Submillimeter Imaging}},
	Volume = 704,
	Year = 2009,
	Bdsk-Url-1 = {http://dx.doi.org/10.1088/0004-637X/704/1/496}}

@article{Calvet02,
	Adsnote = {Provided by the SAO/NASA Astrophysics Data System},
	Adsurl = {http://adsabs.harvard.edu/abs/2002ApJ...568.1008C},
	Author = {{Calvet}, N. and {D'Alessio}, P. and {Hartmann}, L. and {Wilner}, D. and {Walsh}, A. and {Sitko}, M.},
	Doi = {10.1086/339061},
	Eprint = {arXiv:astro-ph/0201425},
	Journal = {\apj},
	Keywords = {Accretion, Accretion Disks, Stars: Circumstellar Matter, Stars: Formation, Stars: Pre-Main-Sequence},
	Month = apr,
	Pages = {1008-1016},
	Title = {{Evidence for a Developing Gap in a 10 Myr Old Protoplanetary Disk}},
	Volume = 568,
	Year = 2002,
	Bdsk-Url-1 = {http://dx.doi.org/10.1086/339061}}

@article{Calvet05,
	Adsnote = {Provided by the SAO/NASA Astrophysics Data System},
	Adsurl = {http://adsabs.harvard.edu/abs/2005ApJ...630L.185C},
	Author = {{Calvet}, N. and {D'Alessio}, P. and {Watson}, D.~M. and {Franco-Hern{\'a}ndez}, R. and {Furlan}, E. and {Green}, J. and {Sutter}, P.~M. and {Forrest}, W.~J. and {Hartmann}, L. and {Uchida}, K.~I. and {Keller}, L.~D. and {Sargent}, B. and {Najita}, J. and {Herter}, T.~L. and {Barry}, D.~J. and {Hall}, P.},
	Doi = {10.1086/491652},
	Journal = {\apjl},
	Keywords = {Accretion, Accretion Disks, Stars: Circumstellar Matter, Stars: Formation, Stars: Pre-Main-Sequence},
	Month = sep,
	Pages = {L185-L188},
	Title = {{Disks in Transition in the Taurus Population: Spitzer IRS Spectra of GM Aurigae and DM Tauri}},
	Volume = 630,
	Year = 2005,
	Bdsk-Url-1 = {http://dx.doi.org/10.1086/491652}}

@article{canovas13,
	Adsnote = {Provided by the SAO/NASA Astrophysics Data System},
	Adsurl = {http://adsabs.harvard.edu/abs/2013A%26A...556A.123C},
	Archiveprefix = {arXiv},
	Author = {{Canovas}, H. and {M{\'e}nard}, F. and {Hales}, A. and {Jord{\'a}n}, A. and {Schreiber}, M.~R. and {Casassus}, S. and {Gledhill}, T.~M. and {Pinte}, C.},
	Doi = {10.1051/0004-6361/201321924},
	Eid = {A123},
	Eprint = {1306.6379},
	Journal = {\aap},
	Keywords = {protoplanetary disks, stars: variables: T Tauri, Herbig Ae/Be, techniques: polarimetric},
	Month = aug,
	Pages = {A123},
	Primaryclass = {astro-ph.SR},
	Title = {{Near-infrared imaging polarimetry of HD 142527}},
	Volume = 556,
	Year = 2013,
	Bdsk-Url-1 = {http://dx.doi.org/10.1051/0004-6361/201321924}}

@article{casassus12,
	Adsnote = {Provided by the SAO/NASA Astrophysics Data System},
	Adsurl = {http://adsabs.harvard.edu/abs/2012ApJ...754L..31C},
	Archiveprefix = {arXiv},
	Author = {{Casassus}, S. and {Perez M.}, S. and {Jord{\'a}n}, A. and {M{\'e}nard}, F. and {Cuadra}, J. and {Schreiber}, M.~R. and {Hales}, A.~S. and {Ercolano}, B.},
	Doi = {10.1088/2041-8205/754/2/L31},
	Eid = {L31},
	Eprint = {1207.2056},
	Journal = {\apjl},
	Keywords = {planet-disk interactions, protoplanetary disks, stars: individual: HD 142527, stars: pre-main sequence},
	Month = aug,
	Pages = {L31},
	Primaryclass = {astro-ph.SR},
	Title = {{The Dynamically Disrupted Gap in HD 142527}},
	Volume = 754,
	Year = 2012,
	Bdsk-Url-1 = {http://dx.doi.org/10.1088/2041-8205/754/2/L31}}

@article{casassus13,
	Adsnote = {Provided by the SAO/NASA Astrophysics Data System},
	Adsurl = {http://adsabs.harvard.edu/abs/2013Natur.493..191C},
	Archiveprefix = {arXiv},
	Author = {{Casassus}, S. and {van der Plas}, G. and {M}, S.~P. and {Dent}, W.~R.~F. and {Fomalont}, E. and {Hagelberg}, J. and {Hales}, A. and {Jord{\'a}n}, A. and {Mawet}, D. and {M{\'e}nard}, F. and {Wootten}, A. and {Wilner}, D. and {Hughes}, A.~M. and {Schreiber}, M.~R. and {Girard}, J.~H. and {Ercolano}, B. and {Canovas}, H. and {Rom{\'a}n}, P.~E. and {Salinas}, V.},
	Doi = {10.1038/nature11769},
	Eprint = {1305.6062},
	Journal = {\nat},
	Month = jan,
	Pages = {191-194},
	Primaryclass = {astro-ph.GA},
	Title = {{Flows of gas through a protoplanetary gap}},
	Volume = 493,
	Year = 2013,
	Bdsk-Url-1 = {http://dx.doi.org/10.1038/nature11769}}

@article{Chang07,
	Adsnote = {Provided by the SAO/NASA Astrophysics Data System},
	Adsurl = {http://adsabs.harvard.edu/abs/2007ApJ...668..236C},
	Archiveprefix = {arXiv},
	Author = {{Chang}, P. and {Murray-Clay}, R. and {Chiang}, E. and {Quataert}, E.},
	Doi = {10.1086/521018},
	Eprint = {0704.3831},
	Journal = {\apj},
	Keywords = {Galaxies: Individual: Messier Number: M31, Galaxies: Nuclei, Galaxies: Starburst},
	Month = oct,
	Pages = {236-244},
	Title = {{The Origin of the Young Stars in the Nucleus of M31}},
	Volume = 668,
	Year = 2007,
	Bdsk-Url-1 = {http://dx.doi.org/10.1086/521018}}

@article{crida06,
	Adsnote = {Provided by the SAO/NASA Astrophysics Data System},
	Adsurl = {http://adsabs.harvard.edu/abs/2006Icar..181..587C},
	Author = {{Crida}, A. and {Morbidelli}, A. and {Masset}, F.},
	Doi = {10.1016/j.icarus.2005.10.007},
	Eprint = {arXiv:astro-ph/0511082},
	Journal = {\icarus},
	Month = apr,
	Pages = {587-604},
	Title = {{On the width and shape of gaps in protoplanetary disks}},
	Volume = 181,
	Year = 2006,
	Bdsk-Url-1 = {http://dx.doi.org/10.1016/j.icarus.2005.10.007}}

@article{dartois03,
	Adsnote = {Provided by the SAO/NASA Astrophysics Data System},
	Adsurl = {http://adsabs.harvard.edu/abs/2003A%26A...399..773D},
	Author = {{Dartois}, E. and {Dutrey}, A. and {Guilloteau}, S.},
	Doi = {10.1051/0004-6361:20021638},
	Journal = {\aap},
	Keywords = {stars: individual: DM Tauri, stars: circumstellar matter, stars: pre-main sequence, radio-lines: stars},
	Month = feb,
	Pages = {773-787},
	Title = {{Structure of the DM Tau Outer Disk: Probing the vertical kinetic temperature gradient}},
	Volume = 399,
	Year = 2003,
	Bdsk-Url-1 = {http://dx.doi.org/10.1051/0004-6361:20021638}}

@article{degregorio-monsalvo13,
	Adsnote = {Provided by the SAO/NASA Astrophysics Data System},
	Adsurl = {http://adsabs.harvard.edu/abs/2013arXiv1307.1357D},
	Archiveprefix = {arXiv},
	Author = {{de Gregorio-Monsalvo}, I. and {M{\'e}nard}, F. and {Dent}, W. and {Pinte}, C. and {L{\'o}pez}, C. and {Klaassen}, P. and {Hales}, A. and {Cort{\'e}s}, P. and {Rawlings}, M.~G. and {Tachihara}, K. and {Testi}, L. and {Takahashi}, S. and {Chapillon}, E. and {Mathews}, G. and {Juhasz}, A. and {Akiyama}, E. and {Higuchi}, A.~E. and {Saito}, M. and {Nyman}, L.-{\AA}. and {Phillips}, N. and {Rod{\'n}}, J. and {Corder}, S. and {Van Kempen}, T.},
	Eprint = {1307.1357},
	Journal = {ArXiv e-prints},
	Keywords = {Astrophysics - Solar and Stellar Astrophysics},
	Month = jul,
	Primaryclass = {astro-ph.SR},
	Title = {{Unveiling the gas and dust disk structure in HD 163296 using ALMA observations}},
	Year = 2013}

@article{Dodson11,
	Adsnote = {Provided by the SAO/NASA Astrophysics Data System},
	Adsurl = {http://adsabs.harvard.edu/abs/2011ApJ...738..131D},
	Archiveprefix = {arXiv},
	Author = {{Dodson-Robinson}, S.~E. and {Salyk}, C.},
	Doi = {10.1088/0004-637X/738/2/131},
	Eid = {131},
	Eprint = {1106.4824},
	Journal = {\apj},
	Keywords = {accretion, accretion disks, hydrodynamics, infrared: planetary systems, planet-disk interactions, planets and satellites: formation, protoplanetary disks, stars: pre-main sequence},
	Month = sep,
	Pages = {131},
	Primaryclass = {astro-ph.EP},
	Title = {{Transitional Disks as Signposts of Young, Multiplanet Systems}},
	Volume = 738,
	Year = 2011,
	Bdsk-Url-1 = {http://dx.doi.org/10.1088/0004-637X/738/2/131}}

@article{Dong12,
	Adsnote = {Provided by the SAO/NASA Astrophysics Data System},
	Adsurl = {http://adsabs.harvard.edu/abs/2012ApJ...760..111D},
	Archiveprefix = {arXiv},
	Author = {{Dong}, R. and {Hashimoto}, J. and {Rafikov}, R. and {Zhu}, Z. and {Whitney}, B. and {Kudo}, T. and {Muto}, T. and {Brandt}, T. and {McClure}, M.~K. and {Wisniewski}, J. and {Abe}, L. and {Brandner}, W. and {Carson}, J. and {Egner}, S. and {Feldt}, M. and {Goto}, M. and {Grady}, C. and {Guyon}, O. and {Hayano}, Y. and {Hayashi}, M. and {Hayashi}, S. and {Henning}, T. and {Hodapp}, K.~W. and {Ishii}, M. and {Iye}, M. and {Janson}, M. and {Kandori}, R. and {Knapp}, G.~R. and {Kusakabe}, N. and {Kuzuhara}, M. and {Kwon}, J. and {Matsuo}, T. and {McElwain}, M. and {Miyama}, S. and {Morino}, J.-I. and {Moro-Martin}, A. and {Nishimura}, T. and {Pyo}, T.-S. and {Serabyn}, E. and {Suto}, H. and {Suzuki}, R. and {Takami}, M. and {Takato}, N. and {Terada}, H. and {Thalmann}, C. and {Tomono}, D. and {Turner}, E. and {Watanabe}, M. and {Yamada}, T. and {Takami}, H. and {Usuda}, T. and {Tamura}, M.},
	Doi = {10.1088/0004-637X/760/2/111},
	Eid = {111},
	Eprint = {1209.3772},
	Journal = {\apj},
	Keywords = {circumstellar matter, protoplanetary disks, radiative transfer, stars: individual: PDS 70, stars: pre-main sequence},
	Month = dec,
	Pages = {111},
	Primaryclass = {astro-ph.EP},
	Title = {{The Structure of Pre-transitional Protoplanetary Disks. I. Radiative Transfer Modeling of the Disk+Cavity in the PDS 70 System}},
	Volume = 760,
	Year = 2012,
	Bdsk-Url-1 = {http://dx.doi.org/10.1088/0004-637X/760/2/111}}

@article{dutrey98,
	Adsnote = {Provided by the SAO/NASA Astrophysics Data System},
	Adsurl = {http://adsabs.harvard.edu/abs/1998A%26A...338L..63D},
	Author = {{Dutrey}, A. and {Guilloteau}, S. and {Prato}, L. and {Simon}, M. and {Duvert}, G. and {Schuster}, K. and {Menard}, F.},
	Journal = {\aap},
	Keywords = {STARS: T TAURI, CIRCUMSTELLAR MATTER, PRE-MAIN SEQUENCE, RADIO-LINES: STARS},
	Month = oct,
	Pages = {L63-L66},
	Title = {{CO study of the GM Aurigae Keplerian disk}},
	Volume = 338,
	Year = 1998}

@article{espaillat12,
	Adsnote = {Provided by the SAO/NASA Astrophysics Data System},
	Adsurl = {http://adsabs.harvard.edu/abs/2012ApJ...747..103E},
	Archiveprefix = {arXiv},
	Author = {{Espaillat}, C. and {Ingleby}, L. and {Hern{\'a}ndez}, J. and {Furlan}, E. and {D'Alessio}, P. and {Calvet}, N. and {Andrews}, S. and {Muzerolle}, J. and {Qi}, C. and {Wilner}, D.},
	Doi = {10.1088/0004-637X/747/2/103},
	Eid = {103},
	Eprint = {1201.1518},
	Journal = {\apj},
	Keywords = {accretion, accretion disks, circumstellar matter, protoplanetary disks, stars: formation, stars: pre-main sequence},
	Month = mar,
	Pages = {103},
	Primaryclass = {astro-ph.SR},
	Title = {{On the Transitional Disk Class: Linking Observations of T Tauri Stars and Physical Disk Models}},
	Volume = 747,
	Year = 2012,
	Bdsk-Url-1 = {http://dx.doi.org/10.1088/0004-637X/747/2/103}}

@article{fujiwara06,
	Adsnote = {Provided by the SAO/NASA Astrophysics Data System},
	Adsurl = {http://cdsads.u-strasbg.fr/abs/2006ApJ...644L.133F},
	Author = {{Fujiwara}, H. and {Honda}, M. and {Kataza}, H. and {Yamashita}, T. and {Onaka}, T. and {Fukagawa}, M. and {Okamoto}, Y.~K. and {Miyata}, T. and {Sako}, S. and {Fujiyoshi}, T. and {Sakon}, I.},
	Doi = {10.1086/505597},
	Eprint = {arXiv:astro-ph/0701808},
	Journal = {\apjl},
	Keywords = {Stars: Circumstellar Matter, Stars: Planetary Systems: Protoplanetary Disks, stars: individual (HD 142527), Stars: Pre-Main-Sequence},
	Month = jun,
	Pages = {L133-L136},
	Title = {{The Asymmetric Thermal Emission of the Protoplanetary Disk Surrounding HD 142527 Seen by Subaru/COMICS}},
	Volume = 644,
	Year = 2006,
	Bdsk-Url-1 = {http://dx.doi.org/10.1086/505597}}

@article{fukagawa06,
	Adsnote = {Provided by the SAO/NASA Astrophysics Data System},
	Adsurl = {http://cdsads.u-strasbg.fr/abs/2006ApJ...636L.153F},
	Author = {{Fukagawa}, M. and {Tamura}, M. and {Itoh}, Y. and {Kudo}, T. and {Imaeda}, Y. and {Oasa}, Y. and {Hayashi}, S.~S. and {Hayashi}, M.},
	Doi = {10.1086/500128},
	Journal = {\apjl},
	Keywords = {Stars: Pre-Main-Sequence, Stars: Planetary Systems: Protoplanetary Disks, stars: individual (HD 142527)},
	Month = jan,
	Pages = {L153-L156},
	Title = {{Near-Infrared Images of Protoplanetary Disk Surrounding HD 142527}},
	Volume = 636,
	Year = 2006,
	Bdsk-Url-1 = {http://dx.doi.org/10.1086/500128}}

@article{garcia06,
	Adsnote = {Provided by the SAO/NASA Astrophysics Data System},
	Adsurl = {http://adsabs.harvard.edu/abs/2006A%26A...459..837G},
	Author = {{Garcia Lopez}, R. and {Natta}, A. and {Testi}, L. and {Habart}, E.},
	Doi = {10.1051/0004-6361:20065575},
	Eprint = {arXiv:astro-ph/0609032},
	Journal = {\aap},
	Keywords = {stars: formation, stars: circumstellar matter, stars: pre-main sequence, accretion, accretion disks},
	Month = dec,
	Pages = {837-842},
	Title = {{Accretion rates in Herbig Ae stars}},
	Volume = 459,
	Year = 2006,
	Bdsk-Url-1 = {http://dx.doi.org/10.1051/0004-6361:20065575}}

@article{Geers2007,
	Adsnote = {Provided by the SAO/NASA Astrophysics Data System},
	Adsurl = {http://adsabs.harvard.edu/abs/2007A%26A...469L..35G},
	Archiveprefix = {arXiv},
	Author = {{Geers}, V.~C. and {Pontoppidan}, K.~M. and {van Dishoeck}, E.~F. and {Dullemond}, C.~P. and {Augereau}, J.-C. and {Mer{\'{\i}}n}, B. and {Oliveira}, I. and {Pel}, J.~W.},
	Doi = {10.1051/0004-6361:20077524},
	Eprint = {0705.2969},
	Journal = {\aap},
	Keywords = {stars: pre-main sequence, stars: planetary systems: protoplanetary disks, stars: circumstellar matter, astrochemistry, stars: individual: <ASTROBJ>IRS 48</ASTROBJ>},
	Month = jul,
	Pages = {L35-L38},
	Title = {{Spatial separation of small and large grains in the transitional disk around the young star <ASTROBJ>IRS 48</ASTROBJ>}},
	Volume = 469,
	Year = 2007,
	Bdsk-Url-1 = {http://dx.doi.org/10.1051/0004-6361:20077524}}

@article{goldreich80,
	Adsnote = {Provided by the SAO/NASA Astrophysics Data System},
	Adsurl = {http://adsabs.harvard.edu/abs/1980ApJ...241..425G},
	Author = {{Goldreich}, P. and {Tremaine}, S.},
	Doi = {10.1086/158356},
	Journal = {\apj},
	Keywords = {JUPITER (PLANET), MOMENTUM TRANSFER, NATURAL SATELLITES, PLANETARY EVOLUTION, PROTOPLANETS, ANGULAR MOMENTUM, CELESTIAL MECHANICS, RESONANCE, SOLAR SYSTEM},
	Month = oct,
	Pages = {425-441},
	Title = {{Disk-satellite interactions}},
	Volume = 241,
	Year = 1980,
	Bdsk-Url-1 = {http://dx.doi.org/10.1086/158356}}

@article{goodman01,
	Adsnote = {Provided by the SAO/NASA Astrophysics Data System},
	Adsurl = {http://adsabs.harvard.edu/abs/2001ApJ...552..793G},
	Author = {{Goodman}, J. and {Rafikov}, R.~R.},
	Doi = {10.1086/320572},
	Eprint = {arXiv:astro-ph/0010576},
	Journal = {\apj},
	Keywords = {Stars: Planetary Systems, Planets and Satellites: General, Solar System: Formation},
	Month = may,
	Pages = {793-802},
	Title = {{Planetary Torques as the Viscosity of Protoplanetary Disks}},
	Volume = 552,
	Year = 2001,
	Bdsk-Url-1 = {http://dx.doi.org/10.1086/320572}}

@ARTICLE{guilloteau98,
   author = {{Guilloteau}, S. and {Dutrey}, A.},
    title = "{Physical parameters of the Keplerian protoplanetary disk of DM Tauri}",
  journal = {\aap},
 keywords = {STARS: INDIVIDUAL: DM TAU, CIRCUMSTELLAR MATTER, STARS: PRE-MAIN SEQUENCE, RADIO-LINES: STARS},
     year = 1998,
    month = nov,
   volume = 339,
    pages = {467-476},
   adsurl = {http://adsabs.harvard.edu/abs/1998A%26A...339..467G},
  adsnote = {Provided by the SAO/NASA Astrophysics Data System}
}

@article{gullbring98,
	Adsnote = {Provided by the SAO/NASA Astrophysics Data System},
	Adsurl = {http://adsabs.harvard.edu/abs/1998ApJ...492..323G},
	Author = {{Gullbring}, E. and {Hartmann}, L. and {Briceno}, C. and {Calvet}, N.},
	Doi = {10.1086/305032},
	Journal = {\apj},
	Keywords = {ACCRETION, ACCRETION DISKS, STARS: PRE-MAIN-SEQUENCE},
	Month = jan,
	Pages = {323},
	Title = {{Disk Accretion Rates for T Tauri Stars}},
	Volume = 492,
	Year = 1998,
	Bdsk-Url-1 = {http://dx.doi.org/10.1086/305032}}

@article{honda12,
	Adsnote = {Provided by the SAO/NASA Astrophysics Data System},
	Adsurl = {http://cdsads.u-strasbg.fr/abs/2012ApJ...752..143H},
	Archiveprefix = {arXiv},
	Author = {{Honda}, M. and {Maaskant}, K. and {Okamoto}, Y.~K. and {Kataza}, H. and {Fukagawa}, M. and {Waters}, L.~B.~F.~M. and {Dominik}, C. and {Tielens}, A.~G.~G.~M. and {Mulders}, G.~D. and {Min}, M. and {Yamashita}, T. and {Fujiyoshi}, T. and {Miyata}, T. and {Sako}, S. and {Sakon}, I. and {Fujiwara}, H. and {Onaka}, T.},
	Doi = {10.1088/0004-637X/752/2/143},
	Eid = {143},
	Eprint = {1204.5364},
	Journal = {\apj},
	Keywords = {circumstellar matter, protoplanetary disks, stars: pre-main sequence},
	Month = jun,
	Pages = {143},
	Primaryclass = {astro-ph.EP},
	Title = {{Mid-infrared Imaging of the Transitional Disk of HD 169142: Measuring the Size of the Gap}},
	Volume = 752,
	Year = 2012,
	Bdsk-Url-1 = {http://dx.doi.org/10.1088/0004-637X/752/2/143}}

@article{Hopkins11,
	Adsnote = {Provided by the SAO/NASA Astrophysics Data System},
	Adsurl = {http://adsabs.harvard.edu/abs/2011MNRAS.415.1027H},
	Archiveprefix = {arXiv},
	Author = {{Hopkins}, P.~F. and {Quataert}, E.},
	Doi = {10.1111/j.1365-2966.2011.18542.x},
	Eprint = {1007.2647},
	Journal = {\mnras},
	Keywords = {galaxies: active, galaxies: evolution, quasars: general, cosmology: theory},
	Month = aug,
	Pages = {1027-1050},
	Primaryclass = {astro-ph.CO},
	Title = {{An analytic model of angular momentum transport by gravitational torques: from galaxies to massive black holes}},
	Volume = 415,
	Year = 2011,
	Bdsk-Url-1 = {http://dx.doi.org/10.1111/j.1365-2966.2011.18542.x}}

@article{Hughes07,
	Adsnote = {Provided by the SAO/NASA Astrophysics Data System},
	Adsurl = {http://adsabs.harvard.edu/abs/2007ApJ...664..536H},
	Archiveprefix = {arXiv},
	Author = {{Hughes}, A.~M. and {Wilner}, D.~J. and {Calvet}, N. and {D'Alessio}, P. and {Claussen}, M.~J. and {Hogerheijde}, M.~R.},
	Doi = {10.1086/518885},
	Eprint = {0704.2422},
	Journal = {\apj},
	Keywords = {Stars: Circumstellar Matter, Stars: Planetary Systems: Protoplanetary Disks, stars: individual (TW Hydrae)},
	Month = jul,
	Pages = {536-542},
	Title = {{An Inner Hole in the Disk around TW Hydrae Resolved in 7 mm Dust Emission}},
	Volume = 664,
	Year = 2007,
	Bdsk-Url-1 = {http://dx.doi.org/10.1086/518885}}

@article{hughes09,
	Adsnote = {Provided by the SAO/NASA Astrophysics Data System},
	Adsurl = {http://adsabs.harvard.edu/abs/2009ApJ...698..131H},
	Archiveprefix = {arXiv},
	Author = {{Hughes}, A.~M. and {Andrews}, S.~M. and {Espaillat}, C. and {Wilner}, D.~J. and {Calvet}, N. and {D'Alessio}, P. and {Qi}, C. and {Williams}, J.~P. and {Hogerheijde}, M.~R.},
	Doi = {10.1088/0004-637X/698/1/131},
	Eprint = {0903.4455},
	Journal = {\apj},
	Keywords = {circumstellar matter, planetary systems: protoplanetary disks, stars: individual: GM Aurigae},
	Month = jun,
	Pages = {131-142},
	Primaryclass = {astro-ph.SR},
	Title = {{A Spatially Resolved Inner Hole in the Disk Around GM Aurigae}},
	Volume = 698,
	Year = 2009,
	Bdsk-Url-1 = {http://dx.doi.org/10.1088/0004-637X/698/1/131}}

@article{hughes11,
	Adsnote = {Provided by the SAO/NASA Astrophysics Data System},
	Adsurl = {http://adsabs.harvard.edu/abs/2011ApJ...727...85H},
	Archiveprefix = {arXiv},
	Author = {{Hughes}, A.~M. and {Wilner}, D.~J. and {Andrews}, S.~M. and {Qi}, C. and {Hogerheijde}, M.~R.},
	Doi = {10.1088/0004-637X/727/2/85},
	Eid = {85},
	Eprint = {1011.3826},
	Journal = {\apj},
	Keywords = {circumstellar matter, protoplanetary disks, stars: individual: HD 163296 TW Hydrae},
	Month = feb,
	Pages = {85},
	Primaryclass = {astro-ph.SR},
	Title = {{Empirical Constraints on Turbulence in Protoplanetary Accretion Disks}},
	Volume = 727,
	Year = 2011,
	Bdsk-Url-1 = {http://dx.doi.org/10.1088/0004-637X/727/2/85}}

@article{Isella12,
	Adsnote = {Provided by the SAO/NASA Astrophysics Data System},
	Adsurl = {http://adsabs.harvard.edu/abs/2012ApJ...747..136I},
	Archiveprefix = {arXiv},
	Author = {{Isella}, A. and {P{\'e}rez}, L.~M. and {Carpenter}, J.~M.},
	Doi = {10.1088/0004-637X/747/2/136},
	Eid = {136},
	Eprint = {1201.1001},
	Journal = {\apj},
	Keywords = {instrumentation: interferometers, planet-disk interactions, protoplanetary disks, stars: low-mass, stars: pre-main sequence, techniques: high angular resolution},
	Month = mar,
	Pages = {136},
	Primaryclass = {astro-ph.EP},
	Title = {{On the Nature of the Transition Disk around LkCa 15}},
	Volume = 747,
	Year = 2012,
	Bdsk-Url-1 = {http://dx.doi.org/10.1088/0004-637X/747/2/136}}

@article{Kim13,
	Adsnote = {Provided by the SAO/NASA Astrophysics Data System},
	Adsurl = {http://adsabs.harvard.edu/abs/2013ApJ...769..149K},
	Archiveprefix = {arXiv},
	Author = {{Kim}, K.~H. and {Watson}, D.~M. and {Manoj}, P. and {Forrest}, W.~J. and {Najita}, J. and {Furlan}, E. and {Sargent}, B. and {Espaillat}, C. and {Muzerolle}, J. and {Megeath}, S.~T. and {Calvet}, N. and {Green}, J.~D. and {Arnold}, L.},
	Doi = {10.1088/0004-637X/769/2/149},
	Eid = {149},
	Eprint = {1303.6313},
	Journal = {\apj},
	Keywords = {accretion, accretion disks, infrared: stars, protoplanetary disks, stars: pre-main sequence, X-rays: stars},
	Month = jun,
	Pages = {149},
	Primaryclass = {astro-ph.SR},
	Title = {{Transitional Disks and Their Origins: An Infrared Spectroscopic Survey of Orion A}},
	Volume = 769,
	Year = 2013,
	Bdsk-Url-1 = {http://dx.doi.org/10.1088/0004-637X/769/2/149}}

@article{klaassen13,
	Adsnote = {Provided by the SAO/NASA Astrophysics Data System},
	Adsurl = {http://adsabs.harvard.edu/abs/2013A%26A...555A..73K},
	Archiveprefix = {arXiv},
	Author = {{Klaassen}, P.~D. and {Juhasz}, A. and {Mathews}, G.~S. and {Mottram}, J.~C. and {De Gregorio-Monsalvo}, I. and {van Dishoeck}, E.~F. and {Takahashi}, S. and {Akiyama}, E. and {Chapillon}, E. and {Espada}, D. and {Hales}, A. and {Hogerheijde}, M.~R. and {Rawlings}, M. and {Schmalzl}, M. and {Testi}, L.},
	Doi = {10.1051/0004-6361/201321129},
	Eid = {A73},
	Eprint = {1304.5436},
	Journal = {\aap},
	Keywords = {stars: pre-main sequence, ISM: jets and outflows, ISM: kinematics and, dynamics, stars: individual: HD 163296},
	Month = jul,
	Pages = {A73},
	Primaryclass = {astro-ph.GA},
	Title = {{ALMA detection of the rotating molecular disk wind from the young star HD 163296}},
	Volume = 555,
	Year = 2013,
	Bdsk-Url-1 = {http://dx.doi.org/10.1051/0004-6361/201321129}}

@article{kraus12,
	Adsnote = {Provided by the SAO/NASA Astrophysics Data System},
	Adsurl = {http://adsabs.harvard.edu/abs/2012ApJ...745....5K},
	Archiveprefix = {arXiv},
	Author = {{Kraus}, A.~L. and {Ireland}, M.~J.},
	Doi = {10.1088/0004-637X/745/1/5},
	Eid = {5},
	Eprint = {1110.3808},
	Journal = {\apj},
	Keywords = {planets and satellites: detection, planets and satellites: formation, protoplanetary disks, stars: individual: LkCa 15, stars: pre-main sequence},
	Month = jan,
	Pages = {5},
	Primaryclass = {astro-ph.EP},
	Title = {{LkCa 15: A Young Exoplanet Caught at Formation?}},
	Volume = 745,
	Year = 2012,
	Bdsk-Url-1 = {http://dx.doi.org/10.1088/0004-637X/745/1/5}}

@article{larwood97,
	Adsnote = {Provided by the SAO/NASA Astrophysics Data System},
	Adsurl = {http://adsabs.harvard.edu/abs/1997MNRAS.290..490L},
	Author = {{Larwood}, J.~D.},
	Eprint = {arXiv:astro-ph/9705252},
	Journal = {\mnras},
	Keywords = {ACCRETION, ACCRETION DISCS, BINARIES: GENERAL, STARS: FORMATION, PLANETARY SYSTEMS},
	Month = sep,
	Pages = {490-504},
	Title = {{The tidal disruption of protoplanetary accretion discs}},
	Volume = 290,
	Year = 1997}

@article{bellpringle74,
	Adsnote = {Provided by the SAO/NASA Astrophysics Data System},
	Adsurl = {http://adsabs.harvard.edu/abs/1974MNRAS.168..603L},
	Author = {{Lynden-Bell}, D. and {Pringle}, J.~E.},
	Journal = {\mnras},
	Month = sep,
	Pages = {603-637},
	Title = {{The evolution of viscous discs and the origin of the nebular variables.}},
	Volume = 168,
	Year = 1974}

@article{marzari09,
	Adsnote = {Provided by the SAO/NASA Astrophysics Data System},
	Adsurl = {http://adsabs.harvard.edu/abs/2009ApJ...705.1575M},
	Archiveprefix = {arXiv},
	Author = {{Marzari}, F. and {Nelson}, A.~F.},
	Doi = {10.1088/0004-637X/705/2/1575},
	Eprint = {0909.4375},
	Journal = {\apj},
	Keywords = {planetary systems, planetary systems: formation},
	Month = nov,
	Pages = {1575-1583},
	Primaryclass = {astro-ph.EP},
	Title = {{Interaction of a Giant Planet in an Inclined Orbit with a Circumstellar Disk}},
	Volume = 705,
	Year = 2009,
	Bdsk-Url-1 = {http://dx.doi.org/10.1088/0004-637X/705/2/1575}}

@article{muzerolle00,
	Adsnote = {Provided by the SAO/NASA Astrophysics Data System},
	Adsurl = {http://adsabs.harvard.edu/abs/2000ApJ...535L..47M},
	Author = {{Muzerolle}, J. and {Calvet}, N. and {Brice{\~n}o}, C. and {Hartmann}, L. and {Hillenbrand}, L.},
	Doi = {10.1086/312691},
	Journal = {\apjl},
	Keywords = {Accretion, Accretion Disks, Stars: Formation, Stars: Individual: Constellation Name: TW Hydrae, Stars: Pre-Main-Sequence, Techniques: Spectroscopic},
	Month = may,
	Pages = {L47-L50},
	Title = {{Disk Accretion in the 10 MYR Old T Tauri Stars TW Hydrae and Hen 3-600A}},
	Volume = 535,
	Year = 2000,
	Bdsk-Url-1 = {http://dx.doi.org/10.1086/312691}}

@article{najita07,
	Adsnote = {Provided by the SAO/NASA Astrophysics Data System},
	Adsurl = {http://adsabs.harvard.edu/abs/2007MNRAS.378..369N},
	Archiveprefix = {arXiv},
	Author = {{Najita}, J.~R. and {Strom}, S.~E. and {Muzerolle}, J.},
	Doi = {10.1111/j.1365-2966.2007.11793.x},
	Eprint = {0704.1681},
	Journal = {\mnras},
	Keywords = {circumstellar matter, planetary systems: formation, planetary systems: protoplanetary disc, stars: pre-main-sequence},
	Month = jun,
	Pages = {369-378},
	Title = {{Demographics of transition objects}},
	Volume = 378,
	Year = 2007,
	Bdsk-Url-1 = {http://dx.doi.org/10.1111/j.1365-2966.2007.11793.x}}

@article{ohashi08,
	Adsnote = {Provided by the SAO/NASA Astrophysics Data System},
	Adsurl = {http://adsabs.harvard.edu/abs/2008Ap%26SS.313..101O},
	Author = {{Ohashi}, N.},
	Doi = {10.1007/s10509-007-9667-5},
	Journal = {\apss},
	Keywords = {Planet formation, Circumstellar disk},
	Month = jan,
	Pages = {101-107},
	Title = {{Observational signature of planet formation: The ALMA view}},
	Volume = 313,
	Year = 2008,
	Bdsk-Url-1 = {http://dx.doi.org/10.1007/s10509-007-9667-5}}

@article{omodaka92,
	Adsnote = {Provided by the SAO/NASA Astrophysics Data System},
	Adsurl = {http://adsabs.harvard.edu/abs/1992ApJ...396L..87O},
	Author = {{Omodaka}, T. and {Kitamura}, Y. and {Kawazoe}, E.},
	Doi = {10.1086/186523},
	Journal = {\apjl},
	Keywords = {CARBON MONOXIDE, LINE SPECTRA, RADIATIVE TRANSFER, SOLAR SPECTRA, SOLAR SYSTEM EVOLUTION, ASTRONOMICAL MODELS, INTERSTELLAR MATTER, MOLECULAR CLOUDS, PRE-MAIN SEQUENCE STARS, STAR FORMATION, T TAURI STARS},
	Month = sep,
	Pages = {L87-L90},
	Title = {{On the detectability of the gas of other solar nebulae}},
	Volume = 396,
	Year = 1992,
	Bdsk-Url-1 = {http://dx.doi.org/10.1086/186523}}

@article{pavlyuchenkov07,
	Adsnote = {Provided by the SAO/NASA Astrophysics Data System},
	Adsurl = {http://adsabs.harvard.edu/abs/2007ApJ...669.1262P},
	Archiveprefix = {arXiv},
	Author = {{Pavlyuchenkov}, Y. and {Semenov}, D. and {Henning}, T. and {Guilloteau}, S. and {Pi{\'e}tu}, V. and {Launhardt}, R. and {Dutrey}, A.},
	Doi = {10.1086/521872},
	Eprint = {0707.2905},
	Journal = {\apj},
	Keywords = {Astrochemistry, Line: Formation, Line: Profiles, Stars: Planetary Systems: Protoplanetary Disks, Radiative Transfer, Radio Lines: Stars, Stars: Formation},
	Month = nov,
	Pages = {1262-1278},
	Title = {{Molecular Line Radiative Transfer in Protoplanetary Disks: Monte Carlo Simulations versus Approximate Methods}},
	Volume = 669,
	Year = 2007,
	Bdsk-Url-1 = {http://dx.doi.org/10.1086/521872}}

@article{pietu05,
	Adsnote = {Provided by the SAO/NASA Astrophysics Data System},
	Adsurl = {http://adsabs.harvard.edu/abs/2005A%26A...443..945P},
	Author = {{Pi{\'e}tu}, V. and {Guilloteau}, S. and {Dutrey}, A.},
	Doi = {10.1051/0004-6361:20042050},
	Eprint = {arXiv:astro-ph/0504023},
	Journal = {\aap},
	Keywords = {stars: formation, planetary systems: protoplanetary disks, radio lines: stars},
	Month = dec,
	Pages = {945-954},
	Title = {{Sub-arcsec imaging of the AB Aur molecular disk and envelope at millimeter wavelengths: a non Keplerian disk}},
	Volume = 443,
	Year = 2005,
	Bdsk-Url-1 = {http://dx.doi.org/10.1051/0004-6361:20042050}}

@article{pontoppidan11,
	Adsnote = {Provided by the SAO/NASA Astrophysics Data System},
	Adsurl = {http://adsabs.harvard.edu/abs/2011ApJ...733...84P},
	Archiveprefix = {arXiv},
	Author = {{Pontoppidan}, K.~M. and {Blake}, G.~A. and {Smette}, A.},
	Doi = {10.1088/0004-637X/733/2/84},
	Eid = {84},
	Eprint = {1103.3000},
	Journal = {\apj},
	Keywords = {ISM: molecules, line: profiles, protoplanetary disks, techniques: imaging spectroscopy},
	Month = jun,
	Pages = {84},
	Primaryclass = {astro-ph.EP},
	Title = {{The Structure and Dynamics of Molecular Gas in Planet-forming Zones: A CRIRES Spectro-astrometric Survey}},
	Volume = 733,
	Year = 2011,
	Bdsk-Url-1 = {http://dx.doi.org/10.1088/0004-637X/733/2/84}}

@article{rameau12,
	Adsnote = {Provided by the SAO/NASA Astrophysics Data System},
	Adsurl = {http://adsabs.harvard.edu/abs/2012A%26A...546A..24R},
	Archiveprefix = {arXiv},
	Author = {{Rameau}, J. and {Chauvin}, G. and {Lagrange}, A.-M. and {Th{\'e}bault}, P. and {Milli}, J. and {Girard}, J.~H. and {Bonnefoy}, M.},
	Doi = {10.1051/0004-6361/201219736},
	Eid = {A24},
	Eprint = {1208.4557},
	Journal = {\aap},
	Keywords = {instrumentation: adaptive optics, stars: variables: T Tauri, Herbig Ae/Be, stars: individual: HD 142527, protoplanetary disks},
	Month = oct,
	Pages = {A24},
	Primaryclass = {astro-ph.EP},
	Title = {{High-contrast imaging of the close environment of HD 142527. VLT/NaCo adaptive optics thermal and angular differential imaging}},
	Volume = 546,
	Year = 2012,
	Bdsk-Url-1 = {http://dx.doi.org/10.1051/0004-6361/201219736}}

@article{rosenfeld12,
	Adsnote = {Provided by the SAO/NASA Astrophysics Data System},
	Adsurl = {http://adsabs.harvard.edu/abs/2012ApJ...757..129R},
	Archiveprefix = {arXiv},
	Author = {{Rosenfeld}, K.~A. and {Qi}, C. and {Andrews}, S.~M. and {Wilner}, D.~J. and {Corder}, S.~A. and {Dullemond}, C.~P. and {Lin}, S.-Y. and {Hughes}, A.~M. and {D'Alessio}, P. and {Ho}, P.~T.~P.},
	Doi = {10.1088/0004-637X/757/2/129},
	Eid = {129},
	Eprint = {1208.1285},
	Journal = {\apj},
	Keywords = {circumstellar matter, protoplanetary disks, stars: individual: TW Hya},
	Month = oct,
	Pages = {129},
	Primaryclass = {astro-ph.SR},
	Title = {{Kinematics of the CO Gas in the Inner Regions of the TW Hya Disk}},
	Volume = 757,
	Year = 2012,
	Bdsk-Url-1 = {http://dx.doi.org/10.1088/0004-637X/757/2/129}}

@article{rosenfeld13,
	Adsnote = {Provided by the SAO/NASA Astrophysics Data System},
	Adsurl = {http://adsabs.harvard.edu/abs/2013ApJ...774...16R},
	Archiveprefix = {arXiv},
	Author = {{Rosenfeld}, K.~A. and {Andrews}, S.~M. and {Hughes}, A.~M. and {Wilner}, D.~J. and {Qi}, C.},
	Doi = {10.1088/0004-637X/774/1/16},
	Eid = {16},
	Eprint = {1306.6475},
	Journal = {\apj},
	Keywords = {circumstellar matter, protoplanetary disks, stars: individual: HD 163296, submillimeter: general},
	Month = sep,
	Pages = {16},
	Primaryclass = {astro-ph.SR},
	Title = {{A Spatially Resolved Vertical Temperature Gradient in the HD{\nbsp}163296 Disk}},
	Volume = 774,
	Year = 2013,
	Bdsk-Url-1 = {http://dx.doi.org/10.1088/0004-637X/774/1/16}}

@article{Schwarz81,
	Adsnote = {Provided by the SAO/NASA Astrophysics Data System},
	Adsurl = {http://adsabs.harvard.edu/abs/1981ApJ...247...77S},
	Author = {{Schwarz}, M.~P.},
	Doi = {10.1086/159011},
	Journal = {\apj},
	Keywords = {GALACTIC ROTATION, GALACTIC STRUCTURE, GAS DYNAMICS, SPIRAL GALAXIES, STELLAR MOTIONS, BARRED GALAXIES, RESONANCE LINES, STAR DISTRIBUTION, STELLAR MODELS},
	Month = jul,
	Pages = {77-88},
	Title = {{The response of gas in a galactic disk to bar forcing}},
	Volume = 247,
	Year = 1981,
	Bdsk-Url-1 = {http://dx.doi.org/10.1086/159011}}

@article{semenov08,
	Adsnote = {Provided by the SAO/NASA Astrophysics Data System},
	Adsurl = {http://adsabs.harvard.edu/abs/2008ApJ...673L.195S},
	Archiveprefix = {arXiv},
	Author = {{Semenov}, D. and {Pavlyuchenkov}, Y. and {Henning}, T. and {Wolf}, S. and {Launhardt}, R.},
	Doi = {10.1086/528795},
	Eprint = {0801.1463},
	Journal = {\apjl},
	Keywords = {Accretion, Accretion Disks, Astrochemistry, Stars: Circumstellar Matter, Instrumentation: Interferometers, Molecular Processes, Stars: Planetary Systems: Protoplanetary Disks},
	Month = feb,
	Pages = {L195-L198},
	Title = {{Chemical and Thermal Structure of Protoplanetary Disks as Observed with ALMA}},
	Volume = 673,
	Year = 2008,
	Bdsk-Url-1 = {http://dx.doi.org/10.1086/528795}}

@article{Shlosman89,
	Adsnote = {Provided by the SAO/NASA Astrophysics Data System},
	Adsurl = {http://adsabs.harvard.edu/abs/1989Natur.338...45S},
	Author = {{Shlosman}, I. and {Frank}, J. and {Begelman}, M.~C.},
	Doi = {10.1038/338045a0},
	Journal = {\nat},
	Keywords = {ACCRETION DISKS, ACTIVE GALACTIC NUCLEI, BLACK HOLES (ASTRONOMY), INTERSTELLAR MATTER, SEYFERT GALAXIES, STARBURST GALAXIES, CHARGE COUPLED DEVICES, H II REGIONS, KINETIC ENERGY},
	Month = mar,
	Pages = {45-47},
	Title = {{Bars within bars - A mechanism for fuelling active galactic nuclei}},
	Volume = 338,
	Year = 1989,
	Bdsk-Url-1 = {http://dx.doi.org/10.1038/338045a0}}

@article{stahler94,
	Adsnote = {Provided by the SAO/NASA Astrophysics Data System},
	Adsurl = {http://adsabs.harvard.edu/abs/1994ApJ...431..341S},
	Author = {{Stahler}, S.~W. and {Korycansky}, D.~G. and {Brothers}, M.~J. and {Touma}, J.},
	Doi = {10.1086/174489},
	Journal = {\apj},
	Keywords = {ACCRETION DISKS, GRAVITATIONAL COLLAPSE, MOLECULAR CLOUDS, PROTOSTARS, STELLAR EVOLUTION, ASTROPHYSICS, GRAVITATIONAL EFFECTS, LUMINOSITY, STELLAR MASS ACCRETION, STELLAR ROTATION},
	Month = aug,
	Pages = {341-358},
	Title = {{The early evolution of protostellar disks}},
	Volume = 431,
	Year = 1994,
	Bdsk-Url-1 = {http://dx.doi.org/10.1086/174489}}

@article{tang12,
	Adsnote = {Provided by the SAO/NASA Astrophysics Data System},
	Adsurl = {http://adsabs.harvard.edu/abs/2012A%26A...547A..84T},
	Archiveprefix = {arXiv},
	Author = {{Tang}, Y.-W. and {Guilloteau}, S. and {Pi{\'e}tu}, V. and {Dutrey}, A. and {Ohashi}, N. and {Ho}, P.~T.~P.},
	Doi = {10.1051/0004-6361/201219414},
	Eid = {A84},
	Eprint = {1209.1299},
	Journal = {\aap},
	Keywords = {protoplanetary disks, stars: formation, stars: individual: AB, Aurigae, planet-disk interactions},
	Month = nov,
	Pages = {A84},
	Primaryclass = {astro-ph.GA},
	Title = {{The circumstellar disk of AB Aurigae: evidence for envelope accretion at late stages of star formation?}},
	Volume = 547,
	Year = 2012,
	Bdsk-Url-1 = {http://dx.doi.org/10.1051/0004-6361/201219414}}

@ARTICLE{thalmann10,
   author = {{Thalmann}, C. and {Grady}, C.~A. and {Goto}, M. and {Wisniewski}, J.~P. and 
    {Janson}, M. and {Henning}, T. and {Fukagawa}, M. and {Honda}, M. and 
    {Mulders}, G.~D. and {Min}, M. and {Moro-Mart{\'{\i}}n}, A. and 
    {McElwain}, M.~W. and {Hodapp}, K.~W. and {Carson}, J. and {Abe}, L. and 
    {Brandner}, W. and {Egner}, S. and {Feldt}, M. and {Fukue}, T. and 
    {Golota}, T. and {Guyon}, O. and {Hashimoto}, J. and {Hayano}, Y. and 
    {Hayashi}, M. and {Hayashi}, S. and {Ishii}, M. and {Kandori}, R. and 
    {Knapp}, G.~R. and {Kudo}, T. and {Kusakabe}, N. and {Kuzuhara}, M. and 
    {Matsuo}, T. and {Miyama}, S. and {Morino}, J.-I. and {Nishimura}, T. and 
    {Pyo}, T.-S. and {Serabyn}, E. and {Shibai}, H. and {Suto}, H. and 
    {Suzuki}, R. and {Takami}, M. and {Takato}, N. and {Terada}, H. and 
    {Tomono}, D. and {Turner}, E.~L. and {Watanabe}, M. and {Yamada}, T. and 
    {Takami}, H. and {Usuda}, T. and {Tamura}, M.},
    title = "{Imaging of a Transitional Disk Gap in Reflected Light: Indications of Planet Formation Around the Young Solar Analog LkCa 15}",
  journal = {\apjl},
archivePrefix = "arXiv",
   eprint = {1005.5162},
 primaryClass = "astro-ph.SR",
 keywords = {circumstellar matter, planetary systems, stars: individual: LkCa 15, stars: pre-main sequence, techniques: high angular resolution},
     year = 2010,
    month = aug,
   volume = 718,
    pages = {L87-L91},
      doi = {10.1088/2041-8205/718/2/L87},
   adsurl = {http://adsabs.harvard.edu/abs/2010ApJ...718L..87T},
  adsnote = {Provided by the SAO/NASA Astrophysics Data System}
}

@article{vandermarel13,
	Adsnote = {Provided by the SAO/NASA Astrophysics Data System},
	Adsurl = {http://adsabs.harvard.edu/abs/2013Sci...340.1199V},
	Archiveprefix = {arXiv},
	Author = {{van der Marel}, N. and {van Dishoeck}, E.~F. and {Bruderer}, S. and {Birnstiel}, T. and {Pinilla}, P. and {Dullemond}, C.~P. and {van Kempen}, T.~A. and {Schmalzl}, M. and {Brown}, J.~M. and {Herczeg}, G.~J. and {Mathews}, G.~S. and {Geers}, V.},
	Doi = {10.1126/science.1236770},
	Eprint = {1306.1768},
	Journal = {Science},
	Month = jun,
	Pages = {1199-1202},
	Primaryclass = {astro-ph.EP},
	Title = {{A Major Asymmetric Dust Trap in a Transition Disk}},
	Volume = 340,
	Year = 2013,
	Bdsk-Url-1 = {http://dx.doi.org/10.1126/science.1236770}}

@article{vanzadelhoff01,
	Adsnote = {Provided by the SAO/NASA Astrophysics Data System},
	Adsurl = {http://adsabs.harvard.edu/abs/2001A%26A...377..566V},
	Author = {{van Zadelhoff}, G.-J. and {van Dishoeck}, E.~F. and {Thi}, W.-F. and {Blake}, G.~A.},
	Doi = {10.1051/0004-6361:20011137},
	Eprint = {arXiv:astro-ph/0108375},
	Journal = {\aap},
	Keywords = {STARS: CIRCUMSTELLAR MATTER, STARS: PRE-MAIN SEQUENCE, STARS: PLANETARY SYSTEMS: PROTOPLANETARY DISKS, ACCRETION, ACCRETION DISKS},
	Month = oct,
	Pages = {566-580},
	Title = {{Submillimeter lines from circumstellar disks around pre-main sequence stars}},
	Volume = 377,
	Year = 2001,
	Bdsk-Url-1 = {http://dx.doi.org/10.1051/0004-6361:20011137}}

@article{verhoeff11,
	Adsnote = {Provided by the SAO/NASA Astrophysics Data System},
	Adsurl = {http://adsabs.harvard.edu/abs/2011A%26A...528A..91V},
	Archiveprefix = {arXiv},
	Author = {{Verhoeff}, A.~P. and {Min}, M. and {Pantin}, E. and {Waters}, L.~B.~F.~M. and {Tielens}, A.~G.~G.~M. and {Honda}, M. and {Fujiwara}, H. and {Bouwman}, J. and {van Boekel}, R. and {Dougherty}, S.~M. and {de Koter}, A. and {Dominik}, C. and {Mulders}, G.~D.},
	Doi = {10.1051/0004-6361/201014952},
	Eid = {A91},
	Eprint = {1101.5719},
	Journal = {\aap},
	Keywords = {stars: formation, circumstellar matter, protoplanetary disks, infrared: stars, stars: variables: T Tauri, Herbig Ae/Be},
	Month = apr,
	Pages = {A91},
	Primaryclass = {astro-ph.SR},
	Title = {{The complex circumstellar environment of HD 142527}},
	Volume = 528,
	Year = 2011,
	Bdsk-Url-1 = {http://dx.doi.org/10.1051/0004-6361/201014952}}

@ARTICLE{weinberger99,
   author = {{Weinberger}, A.~J. and {Becklin}, E.~E. and {Schneider}, G. and 
    {Smith}, B.~A. and {Lowrance}, P.~J. and {Silverstone}, M.~D. and 
    {Zuckerman}, B. and {Terrile}, R.~J.},
    title = "{The Circumstellar Disk of HD 141569 Imaged with NICMOS}",
  journal = {\apjl},
   eprint = {arXiv:astro-ph/9909097},
 keywords = {STARS: CIRCUMSTELLAR MATTER, STARS: EMISSION-LINE, BE, STARS: INDIVIDUAL: HENRY DRAPER NUMBER: HD 141569},
     year = 1999,
    month = nov,
   volume = 525,
    pages = {L53-L56},
      doi = {10.1086/312334},
   adsurl = {http://adsabs.harvard.edu/abs/1999ApJ...525L..53W},
  adsnote = {Provided by the SAO/NASA Astrophysics Data System}
}

@article{yorke99,
	Adsnote = {Provided by the SAO/NASA Astrophysics Data System},
	Adsurl = {http://adsabs.harvard.edu/abs/1999ApJ...525..330Y},
	Author = {{Yorke}, H.~W. and {Bodenheimer}, P.},
	Doi = {10.1086/307867},
	Journal = {\apj},
	Keywords = {HYDRODYNAMICS, ISM: CLOUDS, RADIATIVE TRANSFER, STARS: FORMATION},
	Month = nov,
	Pages = {330-342},
	Title = {{The Formation of Protostellar Disks. III. The Influence of Gravitationally Induced Angular Momentum Transport on Disk Structure and Appearance}},
	Volume = 525,
	Year = 1999,
	Bdsk-Url-1 = {http://dx.doi.org/10.1086/307867}}

@article{Zhu11,
	Adsnote = {Provided by the SAO/NASA Astrophysics Data System},
	Adsurl = {http://adsabs.harvard.edu/abs/2011ApJ...729...47Z},
	Archiveprefix = {arXiv},
	Author = {{Zhu}, Z. and {Nelson}, R.~P. and {Hartmann}, L. and {Espaillat}, C. and {Calvet}, N.},
	Doi = {10.1088/0004-637X/729/1/47},
	Eid = {47},
	Eprint = {1012.4395},
	Journal = {\apj},
	Keywords = {accretion, accretion disks, stars: formation, stars: pre-main sequence},
	Month = mar,
	Pages = {47},
	Primaryclass = {astro-ph.SR},
	Title = {{Transitional and Pre-transitional Disks: Gap Opening by Multiple Planets?}},
	Volume = 729,
	Year = 2011,
	Bdsk-Url-1 = {http://dx.doi.org/10.1088/0004-637X/729/1/47}}
